%! Author = fabian.sigfridsson
%! Date = 2023-04-19

